<?xml version="1.0" encoding="UTF-8"?><record xmlns="http://www.loc.gov/MARC21/slim" xmlns:cinclude="http://apache.org/cocoon/include/1.0" xmlns:zs="http://www.loc.gov/zing/srw/">
  <leader>00370nz  a2200121n  4500</leader>
  <controlfield tag="001">n  90678208 </controlfield>
  <controlfield tag="003">DLC</controlfield>
  <controlfield tag="005">19900806080008.7</controlfield>
  <controlfield tag="008">900806n| acannaab|          |n aad |||  </controlfield>
  <datafield tag="010" ind1=" " ind2=" ">
    <subfield code="a">n  90678208 </subfield>
  </datafield>
  <datafield tag="040" ind1=" " ind2=" ">
    <subfield code="a">DLC</subfield>
    <subfield code="c">DLC</subfield>
  </datafield>
  <datafield tag="100" ind1="1" ind2="0">
    <subfield code="a">Soemarna, Komar</subfield>
  </datafield>
  <datafield tag="670" ind1=" " ind2=" ">
    <subfield code="a">nuc90-49651: Wahyono, D. Tabel isi pohon sementara jenis Meranti merah ... 1984</subfield>
    <subfield code="b">(usage on DNAL rept.: Komar Soemarna)</subfield>
  </datafield>
</record>